@article{example2023,
  author = {Smith, Alice and Brown, Bob},
  title = {Advances in Computational Engineering},
  journal = {Journal of Computer Science},
  year = {2023},
  volume = {45},
  number = {3},
  pages = {123--135}
}

@book{example2024,
  author = {Johnson, Carl},
  title = {Fundamentals of Optimization in Engineering},
  publisher = {Tech Press},
  year = {2024},
  address = {New York}
}